<?xml version="1.0" encoding="UTF-8"?><collection xmlns="http://www.loc.gov/MARC21/slim"><record><leader>00373nam--2200145-i-4500</leader><controlfield tag="001">000039493</controlfield><controlfield tag="002">20161230</controlfield><controlfield tag="005">20161230201042</controlfield><controlfield tag="008">060222s1000------------r-----000-0-eng-d</controlfield><datafield ind1=" " ind2=" " tag="080"><subfield code="a">519.5</subfield></datafield><datafield ind1=" " ind2=" " tag="100"><subfield code="a">Rogers,C.A</subfield></datafield><datafield ind1=" " ind2=" " tag="245"><subfield code="a">Packing and covering</subfield></datafield><datafield ind1=" " ind2=" " tag="260"><subfield code="a">Cambridge, At The Univ.Press, 1964. Viii+111 P</subfield></datafield><datafield ind1=" " ind2=" " tag="490"><subfield code="a">Cambridge Tracts In Math.And Math.Ph</subfield></datafield><datafield ind1=" " ind2=" " tag="852"><subfield code="a">35960</subfield></datafield></record></collection>